@article{quipper_language,
	author = {Alexander S. Green and Peter LeFanu Lumsdaine and Neil J. Ross and Peter Selinger and Benoît Valiron},
	title = {Quipper: A Scalable Quantum Programming Language},
	year = {2013}
	}
	
@article{quipper_programming_intro,
	author = {Alexander S. Green and Peter LeFanu Lumsdaine and Neil J. Ross and Peter Selinger and Benoît Valiron},
	title = {An Introduction to Quantum Programming in Quipper},
	keywords = {Programming Languages (cs.PL); Emerging Technologies (cs.ET); Quantum Physics (quant-ph)},
	year = {2013}
	}
	
@article{quipper_algorithms,
author = {Safat Siddiqui and Mohammed Jahirul Islam and Omar Shehab},
tile = {Five Quantum Algorithms Using Quipper},
year = {2014}
}

@article{qram_model,
title = {Conventions for Quantum Pseudocode},
author = {E. Knill},
year = {1996}
}

@book{knjiga,    
    author = {Nielsen, Michael A. and Chuang, Isaac L.},
    isbn = {0521635039},
    publisher = {Cambridge University Press},
    title = {{Quantum Computation and Quantum Information}},
    year = {2002}
}
